@misc{who2019icd11,
  author = {World Health Organization},
  title = {International Classification of Diseases 11th Revision (ICD-11)},
  year = {2019}
}

@article{dong2022automated,
  author  = {Dong, H. and Su\'arez-Paniagua, V. and Whiteley, W. and Wu, H.},
  title   = {Automated clinical coding: what, why, and where we are?},
  journal = {npj Digital Medicine},
  volume  = {5},
  pages   = {159},
  year    = {2022}
}

@inproceedings{edin2023automated,
  author    = {Edin, J. and Jensen, S.~M. and Sahlgren, M. and L{\"o}vgren, J. and Henriksson, A.},
  title     = {Automated medical coding on {MIMIC-III} and {MIMIC-IV}: a critical review and replicability study},
  booktitle = {Proceedings of the 46th International ACM SIGIR Conference on Research and Development in Information Retrieval},
  year      = {2023}
}

@article{farkas2008automatic,
  author  = {Farkas, R. and Szarvas, G.},
  title   = {Automatic construction of rule-based ICD-9-CM coding systems},
  journal = {BMC Bioinformatics},
  volume  = {9},
  number  = {1},
  year    = {2008}
}

@article{scheurwegs2017data,
  author  = {Scheurwegs, E. and Luyckx, K. and Luyten, L. and Daelemans, W.},
  title   = {Data integration of structured and unstructured sources for assigning clinical codes to patient stays},
  journal = {Journal of the American Medical Informatics Association},
  volume  = {24},
  number  = {e1},
  pages   = {e68--e76},
  year    = {2017}
}

@article{perotte2014diagnosis,
  author  = {Perotte, A. and Wood, F. and Simma, A. and Braverman, M. and Elhadad, N. and Ghosh, S.},
  title   = {Diagnosis code assignment: models and evaluation metrics},
  journal = {Journal of the American Medical Informatics Association},
  volume  = {21},
  number  = {2},
  pages   = {231--237},
  year    = {2014}
}

@article{lecun2015deep,
  author  = {LeCun, Y. and Bengio, Y. and Hinton, G.},
  title   = {Deep learning},
  journal = {Nature},
  volume  = {521},
  number  = {7553},
  pages   = {436--444},
  year    = {2015}
}

@inproceedings{kim2014convolutional,
  author    = {Kim, Y.},
  title     = {Convolutional neural networks for sentence classification},
  booktitle = {Proceedings of the 2014 Conference on Empirical Methods in Natural Language Processing (EMNLP)},
  pages     = {1746--1751},
  year      = {2014}
}

@inproceedings{mullenbach2018explainable,
  author    = {Mullenbach, J. and Wiegreffe, S. and Duke, J. and Sun, J. and Eisenstein, J.},
  title     = {Explainable prediction of medical codes from clinical text},
  booktitle = {Proceedings of the 2018 Conference of the North American Chapter of the Association for Computational Linguistics},
  pages     = {1101--1111},
  year      = {2018}
}

@inproceedings{li2020multi,
  author    = {Li, F. and Yu, H.},
  title     = {ICD coding from clinical text using multi-filter residual convolutional neural network},
  booktitle = {Proceedings of the AAAI Conference on Artificial Intelligence},
  volume    = {34},
  pages     = {8180--8187},
  year      = {2020}
}

@article{hochreiter1997long,
  author  = {Hochreiter, S. and Schmidhuber, J.},
  title   = {Long short-term memory},
  journal = {Neural Computation},
  volume  = {9},
  number  = {8},
  pages   = {1735--1780},
  year    = {1997}
}

@article{vu2020label,
  author  = {Vu, T. and Nguyen, D.~Q. and Nguyen, A.},
  title   = {A label attention model for ICD coding from clinical text},
  journal = {Journal of Biomedical Informatics},
  volume  = {102},
  pages   = {103381},
  year    = {2020}
}

@inproceedings{devlin2019bert,
  author    = {Devlin, J. and Chang, M.-W. and Lee, K. and Toutanova, K.},
  title     = {BERT: Pre-training of deep bidirectional transformers for language understanding},
  booktitle = {Proceedings of NAACL-HLT},
  pages     = {4171--4186},
  year      = {2019}
}

@article{gao2021limitations,
  author  = {Gao, S. and Alawad, M. and Young, M.~T. and Gounley, J. and Schaefferkoetter, N. and Yoon, H.~J. and others},
  title   = {Limitations of transformers on clinical text classification},
  journal = {IEEE Journal of Biomedical and Health Informatics},
  volume  = {25},
  number  = {9},
  pages   = {3596--3607},
  year    = {2021}
}

@inproceedings{huang2022plm,
  author    = {Huang, C.-W. and Tsai, S.-C. and Chen, Y.-N.},
  title     = {PLM-ICD: Automatic ICD coding with pre-trained language models},
  booktitle = {Proceedings of the 4th Clinical Natural Language Processing Workshop},
  pages     = {10--20},
  year      = {2022}
}

@inproceedings{heo2022medical,
  author    = {Heo, T.-S. and Jo, B. and Yoo, Y. and Lee, K. and Park, Y. and Kim, K.},
  title     = {Medical code prediction from discharge summary: Document to sequence BERT using sequence attention},
  booktitle = {Proceedings of the 2022 International Conference on Electronics, Information, and Communication (ICEIC)},
  pages     = {1--4},
  year      = {2022}
}

@inproceedings{portes2023mosaicbert,
  author    = {Portes, J. and Trott, A. and Havens, S. and others},
  title     = {MosaicBERT: A bidirectional encoder optimized for fast pretraining},
  booktitle = {Advances in Neural Information Processing Systems},
  volume    = {36},
  year      = {2023}
}

@inproceedings{geiping2023cramming,
  author    = {Geiping, J. and Goldstein, T.},
  title     = {Cramming: Training a language model on a single GPU in one day},
  booktitle = {Proceedings of the International Conference on Machine Learning},
  year      = {2023}
}

@misc{nussbaum2024nomicbert,
  author       = {Nussbaum, Z. and Morris, J.~X. and Duderstadt, B. and Mulyar, A.},
  title        = {NomicBERT: Training a reproducible long context text embedder},
  howpublished = {\url{https://arxiv.org/abs/2402.01613}},
  note         = {arXiv preprint arXiv:2402.01613},
  year         = {2024}
}

@inproceedings{zhang2024gte,
  author    = {Zhang, X. and Zhang, Y. and Long, D. and Xie, W.},
  title     = {GTE-en-MLM: Generalized long-context text representation for retrieval tasks},
  booktitle = {Proceedings of the 2024 Conference on Empirical Methods in Natural Language Processing},
  year      = {2024}
}

@misc{warner2024modernbert,
  author       = {Warner, B. and Chaffin, A. and Clavi{\'e}, B. and others},
  title        = {Smarter, Better, Faster, Longer: A Modern Bidirectional Encoder for Fast, Memory Efficient, and Long Context Finetuning and Inference},
  howpublished = {\url{https://arxiv.org/abs/2309.16609}},
  note         = {arXiv preprint arXiv:2309.16609},
  year         = {2024}
}

@inproceedings{bengio2009curriculum,
  author    = {Bengio, Y. and Louradour, J. and Collobert, R. and Weston, J.},
  title     = {Curriculum learning},
  booktitle = {Proceedings of the 26th Annual International Conference on Machine Learning},
  pages     = {41--48},
  year      = {2009}
}

@inproceedings{ren2022hicu,
  author    = {Ren, W. and Zeng, R. and Wu, T. and Zhu, T. and Krishnan, R.~G.},
  title     = {HiCu: Leveraging hierarchy for curriculum learning in automated ICD coding},
  booktitle = {Proceedings of the Machine Learning for Healthcare Conference},
  pages     = {1--24},
  year      = {2022}
}

@article{johnson2016mimic,
  author  = {Johnson, A.~E.~W. and Pollard, T.~J. and Shen, L. and others},
  title   = {MIMIC-III, a freely accessible critical care database},
  journal = {Scientific Data},
  volume  = {3},
  number  = {160035},
  year    = {2016}
}

@inproceedings{rios2018few,
  author    = {Rios, A. and Kavuluru, R.},
  title     = {Few-shot and zero-shot multi-label learning for structured label spaces},
  booktitle = {Proceedings of the 2018 Conference on Empirical Methods in Natural Language Processing},
  pages     = {3132--3142},
  year      = {2018}
}

@article{wrenn2010quantifying,
  author  = {Wrenn, J.~O. and Stein, D.~M. and Bakken, S. and Stetson, P.~D.},
  title   = {Quantifying clinical narrative redundancy in an electronic health record},
  journal = {Journal of the American Medical Informatics Association},
  volume  = {17},
  pages   = {49--53},
  year    = {2010}
}

@misc{holzinger2017we,
  author       = {Holzinger, A. and Dehmer, M. and Jurisica, I.},
  title        = {What do we need to build explainable AI systems for the medical domain?},
  howpublished = {\url{https://arxiv.org/abs/1712.09923}},
  note         = {arXiv preprint arXiv:1712.09923},
  year         = {2017}
}

@misc{edin2024unsupervised,
  author       = {Edin, J. and Borgholt, L. and Maistro, M. and others},
  title        = {An unsupervised approach to achieve supervised-level explainability in healthcare records},
  howpublished = {\url{https://arxiv.org/abs/2406.08958}},
  note         = {arXiv preprint arXiv:2406.08958},
  year         = {2024}
}

@article{teng2020explainable,
  author  = {Teng, F. and Yang, W. and Chen, L. and Huang, L. and Xu, Q.},
  title   = {Explainable prediction of medical codes with knowledge graphs},
  journal = {Frontiers in Bioengineering and Biotechnology},
  volume  = {8},
  pages   = {867},
  year    = {2020}
}

@inproceedings{xie2019ehr,
  author    = {Xie, X. and Xiong, Y. and Yu, P.~S. and Zhu, Y.},
  title     = {EHR coding with multi-scale feature attention and structured knowledge graph propagation},
  booktitle = {Proceedings of the 28th ACM International Conference on Information and Knowledge Management},
  pages     = {649--658},
  year      = {2019}
}

@inproceedings{nickel2017poincare,
  author    = {Nickel, M. and Kiela, D.},
  title     = {Poincar{\'e} embeddings for learning hierarchical representations},
  booktitle = {Advances in Neural Information Processing Systems},
  pages     = {6338--6347},
  year      = {2017}
}

@misc{kumichev2024medsyn,
  author       = {Kumichev, G. and Blinov, P. and Kuzkina, Y. and others},
  title        = {MedSyn: LLM-based synthetic medical text generation framework},
  howpublished = {\url{https://arxiv.org/abs/2408.02056}},
  note         = {arXiv preprint arXiv:2408.02056},
  year         = {2024}
}

@misc{excoffier2024generalist,
  author       = {Excoffier, J.-B. and Roehr, T. and Figueroa, A. and Bressem, K. and Ortala, M.},
  title        = {Generalist embedding models are better at short-context clinical semantic search than specialized embedding models},
  howpublished = {\url{https://arxiv.org/abs/2401.01943}},
  note         = {arXiv preprint arXiv:2401.01943},
  year         = {2024}
}

@article{campbell2020computer,
  author  = {Campbell, S. and Giadresco, K.},
  title   = {Computer-assisted clinical coding: A narrative review of the literature on its benefits, limitations, implementation, and impact on clinical coding professionals},
  journal = {Health Information Management Journal},
  volume  = {49},
  number  = {1},
  pages   = {5--18},
  year    = {2020}
}

@article{kraljevic2021multi,
  author  = {Kraljevic, Z. and Searle, T. and Shek, A. and others},
  title   = {Multi-domain clinical natural language processing with MedCAT: The medical concept annotation toolkit},
  journal = {Artificial Intelligence in Medicine},
  volume  = {117},
  pages   = {102083},
  year    = {2021}
}

@article{gaebel2020changes,
  author  = {Gaebel, W. and Stricker, J. and Kerst, A.},
  title   = {Changes from ICD-10 to ICD-11 and future directions in psychiatric classification},
  journal = {Dialogues in Clinical Neuroscience},
  volume  = {22},
  number  = {1},
  pages   = {7--15},
  year    = {2020}
}

@inproceedings{wang2021meta,
  author    = {Wang, R. and Song, X. and Chen, J. and others},
  title     = {Meta-LMTC: Meta-learning for large-scale multi-label text classification},
  booktitle = {Proceedings of the 2021 Conference on Empirical Methods in Natural Language Processing},
  pages     = {8633--8646},
  year      = {2021}
}

@inproceedings{nguyen2023mimicivicd,
  author    = {Nguyen, T.-T. and Schlegel, V. and Kashyap, A. and Winkler, S. and Huang, S.-S. and Liu, J.-J. and Lin, C.-J.},
  title     = {MIMIC-IV-ICD: A new benchmark for extreme multi-label classification},
  booktitle = {Proceedings of the 61st Annual Meeting of the Association for Computational Linguistics},
  year      = {2023}
}

@article{johnson2023mimicivscidata,
  author  = {Johnson, A.~E.~W. and Bulgarelli, L. and Shen, L. and Gayles, A. and Shammout, A. and Horng, S. and Pollard, T.~J. and Hao, S. and Moody, B. and Gow, B. and Lehman, L.~H. and Celi, L.~A. and Mark, R.~G.},
  title   = {MIMIC-IV, a freely accessible electronic health record dataset},
  journal = {Scientific Data},
  volume  = {10},
  number  = {1},
  pages   = {1},
  year    = {2023},
  doi     = {10.1038/s41597-022-01899-x}
}
